<?xml version="1.0" encoding="UTF-8"?><collection xmlns="http://www.loc.gov/MARC21/slim"><record><leader>00490nam--2200181-i-4500</leader><controlfield tag="001">000025150</controlfield><controlfield tag="002">20161230</controlfield><controlfield tag="005">20161230201035</controlfield><controlfield tag="008">060222s1000------------r-----000-0-eng-d</controlfield><datafield ind1=" " ind2=" " tag="020"><subfield code="a">0125177011</subfield></datafield><datafield ind1=" " ind2=" " tag="080"><subfield code="a">537.312.62</subfield></datafield><datafield ind1="1" ind2=" " tag="100"><subfield code="a">Newhouse, Vernon L</subfield></datafield><datafield ind1="1" ind2="0" tag="245"><subfield code="a">Applied superconductivity</subfield><subfield code="c">Vernon l. newhouse (ed.)</subfield></datafield><datafield ind1=" " ind2=" " tag="260"><subfield code="a">New York</subfield><subfield code="b">Academic Press</subfield><subfield code="c">1975</subfield></datafield><datafield ind1=" " ind2=" " tag="300"><subfield code="a">2 VOL</subfield><subfield code="b">1975</subfield></datafield><datafield ind1=" " ind2=" " tag="787"><subfield code="a">Vol. Ii</subfield><subfield code="h">Xi+/385p./700p</subfield></datafield><datafield ind1=" " ind2=" " tag="852"><subfield code="a">43309</subfield><subfield code="c">537:538</subfield></datafield><datafield ind1=" " ind2=" " tag="CAT"><subfield code="a">Sys</subfield><subfield code="c">20110621</subfield><subfield code="h">115312</subfield></datafield></record></collection>